%@MISC{php_documents,
  author = { Mehdi Achour, Friedhelm Betz, Antony Dovgal, Nuno Lopes, Hannes Magnusson, },
  title = {PHP Language Documentation [Электронный ресурс]},
  howpublished = {Электронные данные},
  note = {Режим доступа: http://php.net/manual/ru},
  owner = {mstyura},
  timestamp = {2017.04.28}
}

@MISC{itransition_2017,
  author = {Itransition},
  title = {Информация о компании[Электронный ресурс]},
  howpublished = {Электронные данные},
  note = {Режим доступа: http://itransition.by/company},
  address = {Iselin, NJ 08830 USA},
  language = {russian},
  owner = {mstyura},
  timestamp = {2017.04.28}
}

@BOOK{mcconnell_2005,
  title = {Совершенный код. Мастер"=класс / Пер. с англ.},
  publisher = {Издательско"=торговый дом <<Русская редакция>>},
  year = {2005},
  author = {С. Макконнелл},
  pages = {896},
  address = {СПб.},
  language = {russian},
  owner = {mstyura},
  timestamp = {2017.04.23}
}

@BOOK{zandstra_2015,
  title = {PHP Объекты, шаблоны и методики программирования 4 издание./ Пер. с англ.},
  publisher = {Издательский дом <<Вильямс>>},
  year = {2015},
  author = {Мэтт Зандстра},
  pages = {576},
  address = {СПб.},
  language = {russian},
  owner = {mstyura},
  timestamp = {2017.04.22}
}

